

@Manual{citeR,
    title = {R: A Language and Environment for Statistical Computing},
    author = {{R Core Team}},
    organization = {R Foundation for Statistical Computing},
    address = {Vienna, Austria},
    year = {2023},
    url = {https://www.R-project.org/},
  }
  
  
@Manual{citeLahman,
    title = {Lahman: Sean `Lahman' Baseball Database},
    author = {Michael Friendly and Chris Dalzell and Martin Monkman and Dennis Murphy},
    year = {2020},
    note = {R package version 8.0-0},
    url = {https://CRAN.R-project.org/package=Lahman},
  }  
  
  
@Manual{citeOpenDataToronto,
    title = {opendatatoronto: Access the City of Toronto Open Data Portal},
    author = {Sharla Gelfand},
    year = {2022},
    note = {R package version 0.1.5},
    url = {https://CRAN.R-project.org/package=opendatatoronto},
  }
  
  
@Article{rohan,
    title = {Welcome to the {tidyverse}},
    author = {Hadley Wickham and Mara Averick and Jennifer Bryan and Winston Chang and Lucy D'Agostino McGowan and Romain François and Garrett Grolemund and Alex Hayes and Lionel Henry and Jim Hester and Max Kuhn and Thomas Lin Pedersen and Evan Miller and Stephan Milton Bache and Kirill Müller and Jeroen Ooms and David Robinson and Dana Paige Seidel and Vitalie Spinu and Kohske Takahashi and Davis Vaughan and Claus Wilke and Kara Woo and Hiroaki Yutani},
    year = {2019},
    journal = {Journal of Open Source Software},
    volume = {4},
    number = {43},
    pages = {1686},
    doi = {10.21105/joss.01686},
  }  
  
@online{who_covid19,
  title = {COVID-19 - World Health Organization (WHO)},
  year  = {2024},
  url   = {https://www.who.int/europe/emergencies/situations/covid-19}
}

@online{ccdr2024_wastewater,
  title = {Wastewater Surveillance for COVID-19 in Shelters},
  year  = {2024},
  url   = {https://www.canada.ca/en/public-health/services/reports-publications/canada-communicable-disease-report-ccdr/monthly-issue/2024-50/issue-1-2-january-february-2024/wastewater-surveillance-covid-19-shelters.html}
}

  @Manual{citejanitor,
    title = {janitor: Simple Tools for Examining and Cleaning Dirty Data},
    author = {Sam Firke},
    year = {2023},
    note = {R package version 2.2.0},
    url = {https://CRAN.R-project.org/package=janitor},
  }
  
  
  @Article{citetidyverse,
    title = {Welcome to the {tidyverse}},
    author = {Hadley Wickham and Mara Averick and Jennifer Bryan and Winston Chang and Lucy D'Agostino McGowan and Romain François and Garrett Grolemund and Alex Hayes and Lionel Henry and Jim Hester and Max Kuhn and Thomas Lin Pedersen and Evan Miller and Stephan Milton Bache and Kirill Müller and Jeroen Ooms and David Robinson and Dana Paige Seidel and Vitalie Spinu and Kohske Takahashi and Davis Vaughan and Claus Wilke and Kara Woo and Hiroaki Yutani},
    year = {2019},
    journal = {Journal of Open Source Software},
    volume = {4},
    number = {43},
    pages = {1686},
    doi = {10.21105/joss.01686},
  }

  @Article{citelubridate,
    title = {Dates and Times Made Easy with {lubridate}},
    author = {Garrett Grolemund and Hadley Wickham},
    journal = {Journal of Statistical Software},
    year = {2011},
    volume = {40},
    number = {3},
    pages = {1--25},
    url = {https://www.jstatsoft.org/v40/i03/},
  }
  
    @Manual{citedplyr,
    title = {dplyr: A Grammar of Data Manipulation},
    author = {Hadley Wickham and Romain François and Lionel Henry and Kirill Müller and Davis Vaughan},
    year = {2023},
    note = {R package version 1.1.4},
    url = {https://CRAN.R-project.org/package=dplyr},
  }
  
    @Book{citeggplot2,
    author = {Hadley Wickham},
    title = {ggplot2: Elegant Graphics for Data Analysis},
    publisher = {Springer-Verlag New York},
    year = {2016},
    isbn = {978-3-319-24277-4},
    url = {https://ggplot2.tidyverse.org},
  }
  
    @Manual{citeScales,
    title = {scales: Scale Functions for Visualization},
    author = {Hadley Wickham and Dana Seidel},
    year = {2022},
    note = {R package version 1.2.1},
    url = {https://CRAN.R-project.org/package=scales},
  }
  
    @InCollection{citeKnitr,
    booktitle = {Implementing Reproducible Computational Research},
    editor = {Victoria Stodden and Friedrich Leisch and Roger D. Peng},
    title = {knitr: A Comprehensive Tool for Reproducible Research in {R}},
    author = {Yihui Xie},
    publisher = {Chapman and Hall/CRC},
    year = {2014},
    note = {ISBN 978-1466561595},
    url = {http://www.crcpress.com/product/isbn/9781466561595},
  }
  
    @Manual{citeKableExtra,
    title = {kableExtra: Construct Complex Table with 'kable' and Pipe Syntax},
    author = {Hao Zhu},
    year = {2024},
    note = {R package version 1.4.0},
    url = {https://CRAN.R-project.org/package=kableExtra},
  }